@IEEEtranBSTCTL{bstctl:etal,
  CTLuse_forced_etal = {yes},
  CTLmax_names_forced_etal = {3},
}

@IEEEtranBSTCTL{bstctl:nodash,
  CTLdash_repeated_names = {no},
}

@IEEEtranBSTCTL{bstctl:simpurl,
  CTLname_url_prefix = {Available: },
}

@book{lamport94,
    author    = "Leslie Lamport",
    title     = "{\LaTeX: A Document Preparation System}",
    year      = "1994",
    publisher = "Addison-Wesley",
    edition = "2nd",
    address   = "Reading, Massachusetts"
}

@inproceedings{nicepaper,
  author = "Firstname1 Lastname1 and Firstname2 Lastname2",
  title = "A Very Nice Paper To Cite",
  year = "2000",
  booktitle = "International Conference on Parallel Architectures and Compilation Techniques"
}

@inproceedings{nicepaper2,
  author = "Firstname1 Lastname1 and Firstname2 Lastname2",
  title = "Another Very Nice Paper To Cite",
  year = "2001",
  booktitle = "International Conference on Parallel Architectures and Compilation Techniques"
}

@inproceedings{ke2011safe,
  title={Safe parallel programming using dynamic dependence hints},
  author={Ke, Chuanle and Liu, Lei and Zhang, Chao and Bai, Tongxin and Jacobs, Bryan and Ding, Chen},
  booktitle={ACM SIGPLAN Notices},
  volume={46},
  number={10},
  pages={243--258},
  year={2011},
  organization={ACM}
}