@IEEEtranBSTCTL{bstctl:etal,
  CTLuse_forced_etal = {yes},
  CTLmax_names_forced_etal = {3},
}

@IEEEtranBSTCTL{bstctl:nodash,
  CTLdash_repeated_names = {no},
}

@IEEEtranBSTCTL{bstctl:simpurl,
  CTLname_url_prefix = {Available: },
}

@book{lamport94,
    author    = "Leslie Lamport",
    title     = "{\LaTeX: A Document Preparation System}",
    year      = "1994",
    publisher = "Addison-Wesley",
    edition = "2nd",
    address   = "Reading, Massachusetts"
}

@inproceedings{nicepaper,
  author = "Firstname1 Lastname1 and Firstname2 Lastname2",
  title = "A Very Nice Paper To Cite",
  year = "2000",
  booktitle = "International Conference on Parallel Architectures and Compilation Techniques"
}

@inproceedings{nicepaper2,
  author = "Firstname1 Lastname1 and Firstname2 Lastname2",
  title = "Another Very Nice Paper To Cite",
  year = "2001",
  booktitle = "International Conference on Parallel Architectures and Compilation Techniques"
}

@article{pinto2015large,
  title={A large-scale study on the usage of Javaâ€™s concurrent programming constructs},
  author={Pinto, Gustavo and Torres, Weslley and Fernandes, Benito and Castor, Fernando and Barros, Roberto SM},
  journal={Journal of Systems and Software},
  volume={106},
  pages={59--81},
  year={2015},
  publisher={Elsevier}
}

@article{vandierendonck2013analysis,
  title={Analysis of dependence tracking algorithms for task dataflow execution},
  author={Vandierendonck, Hans and Tzenakis, George and Nikolopoulos, Dimitrios S},
  journal={ACM Transactions on Architecture and Code Optimization (TACO)},
  volume={10},
  number={4},
  pages={61},
  year={2013},
  publisher={ACM}
}

@inproceedings{gleison2016,
  title={Automatic Insertion of Copy Annotation in Data-Parallel Programs},
  author={Mendon{\c{c}}a, Gleison Souza Diniz and Guimar{\~a}es, Breno Campos Ferreira and Alves, P{\'e}ricles Rafael Oliveira and Pereira, Fernando Magno Quint{\~a}o and Pereira, M{\'a}rcio Machado and Ara{\'u}jo, Guido},
  booktitle={Computer Architecture and High Performance Computing (SBAC-PAD), 2016 28th International Symposium on},
  pages={34--41},
  year={2016},
  organization={IEEE}
}

@article{wanggenerating,
  title={Generating Task Clauses for OpenMP Programs},
  author={Wang, Chun-Kun and Chen, Peng-Sheng}
}

@inproceedings{kulkarni2009much,
  title={How much parallelism is there in irregular applications?},
  author={Kulkarni, Milind and Burtscher, Martin and Inkulu, Rajeshkar and Pingali, Keshav and Cas{\c{c}}aval, Calin},
  booktitle={ACM sigplan notices},
  volume={44},
  number={4},
  pages={3--14},
  year={2009},
  organization={ACM}
}

@article{kulkarni2007optimistic,
  title={Optimistic parallelism requires abstractions},
  author={Kulkarni, Milind and Pingali, Keshav and Walter, Bruce and Ramanarayanan, Ganesh and Bala, Kavita and Chew, L Paul},
  journal={ACM SIGPLAN Notices},
  volume={42},
  number={6},
  pages={211--222},
  year={2007},
  publisher={ACM}
}

@article{haugen2016performance,
  title={Performance Analysis and Modeling of Task-Based Runtimes},
  author={Haugen, Blake Andrew},
  year={2016}
}

@inproceedings{ke2011safe,
  title={Safe parallel programming using dynamic dependence hints},
  author={Ke, Chuanle and Liu, Lei and Zhang, Chao and Bai, Tongxin and Jacobs, Bryan and Ding, Chen},
  booktitle={ACM SIGPLAN Notices},
  volume={46},
  number={10},
  pages={243--258},
  year={2011},
  organization={ACM}
}

@article{openmp2009,
  title={The design of OpenMP tasks},
  author={Ayguad{\'e}, Eduard and Copty, Nawal and Duran, Alejandro and Hoeflinger, Jay and Lin, Yuan and Massaioli, Federico and Teruel, Xavier and Unnikrishnan, Priya and Zhang, Guansong},
  journal={IEEE Transactions on Parallel and Distributed Systems},
  volume={20},
  number={3},
  pages={404--418},
  year={2009},
  publisher={IEEE}
}

@inproceedings{pingali2011tao,
  title={The tao of parallelism in algorithms},
  author={Pingali, Keshav and Nguyen, Donald and Kulkarni, Milind and Burtscher, Martin and Hassaan, M Amber and Kaleem, Rashid and Lee, Tsung-Hsien and Lenharth, Andrew and Manevich, Roman and M{\'e}ndez-Lojo, Mario and others},
  booktitle={ACM Sigplan Notices},
  volume={46},
  number={6},
  pages={12--25},
  year={2011},
  organization={ACM}
}

@article{hwu2014ahead,
  title={What is ahead for parallel computing},
  author={Hwu, Wen-mei},
  journal={Journal of Parallel and Distributed Computing},
  volume={74},
  number={7},
  pages={2574--2581},
  year={2014},
  publisher={Elsevier}
}

